<record><leader>00000cas a22000007a 4500</leader><controlfield tag="001">11485450</controlfield><controlfield tag="008">841212d19181943mtuwr ne      0    0eng d</controlfield><datafield ind1=" " ind2=" " tag="010"><subfield code="a">sn 84036278 </subfield></datafield><datafield ind1=" " ind2=" " tag="040"><subfield code="a">MTL</subfield><subfield code="b">eng</subfield><subfield code="c">MTL</subfield><subfield code="d">OCLCQ</subfield></datafield><datafield ind1=" " ind2=" " tag="042"><subfield code="a">msc</subfield></datafield><datafield ind1="0" ind2="4" tag="245"><subfield code="a">The Picket-journal.</subfield></datafield><datafield ind1=" " ind2=" " tag="260"><subfield code="a">Red Lodge, Mont. :</subfield><subfield code="b">C.H. Draper,</subfield><subfield code="c">1918-1943.</subfield></datafield><datafield ind1=" " ind2=" " tag="300"><subfield code="a">24 v. :</subfield><subfield code="b">ill.</subfield></datafield><datafield ind1=" " ind2=" " tag="310"><subfield code="a">Weekly</subfield></datafield><datafield ind1="0" ind2=" " tag="362"><subfield code="a">Red Lodge picket v. 30, no. 23 = Carbon County journal v. 10, no. 22 (Nov. 20, 1918)-Red Lodge picket v. 54, no. 57 = Carbon County journal v. 20, no. 15 [i.e. v. 34, no. 5] (June 29, 1943).</subfield></datafield><datafield ind1=" " ind2=" " tag="500"><subfield code="a">"Democratic." Cf. Newspaper directory of Montana, 1919-1936.</subfield></datafield><datafield ind1=" " ind2=" " tag="500"><subfield code="a">"Official paper of Carbon County," 1918-1926; "official paper for the City of Red Lodge," 1918-1930.</subfield></datafield><datafield ind1=" " ind2=" " tag="752"><subfield code="a">United States</subfield><subfield code="b">Montana</subfield><subfield code="c">Carbon</subfield><subfield code="d">Red Lodge.</subfield></datafield><datafield ind1="0" ind2="4" tag="780"><subfield code="t">Red Lodge picket (Red Lodge, Mont. : 1913)</subfield><subfield code="w">(DLC)sn 84036277</subfield></datafield><datafield ind1="0" ind2="4" tag="780"><subfield code="t">Carbon County journal (Red Lodge, Mont.)</subfield><subfield code="w">(DLC)sn 84036279</subfield></datafield><datafield ind1="0" ind2="4" tag="785"><subfield code="t">Carbon County news (Red Lodge, Mont. : 1936)</subfield><subfield code="w">(DLC)sn 84036287</subfield></datafield><datafield ind1="1" ind2=" " tag="029"><subfield code="a">AU@</subfield><subfield code="b">000025811974</subfield></datafield></record>